<?xml version="1.0" encoding="UTF-8"?>
  <record xmlns="http://www.loc.gov/MARC21/slim" type="Authority">
    <leader>00000nz  a2200000nc 4500</leader>
    <controlfield tag="001">120606429</controlfield>
    <controlfield tag="003">DE-101</controlfield>
    <controlfield tag="005">20220611231148.0</controlfield>
    <controlfield tag="008">981105n||aznnnaabn           | aaa    |c</controlfield>
    <datafield tag="024" ind1="7" ind2=" ">
      <subfield code="a">120606429</subfield>
      <subfield code="0">http://d-nb.info/gnd/120606429</subfield>
      <subfield code="2">gnd</subfield>
    </datafield>
    <datafield tag="035" ind1=" " ind2=" ">
      <subfield code="a">(DE-101)120606429</subfield>
    </datafield>
    <datafield tag="035" ind1=" " ind2=" ">
      <subfield code="a">(DE-588)120606429</subfield>
    </datafield>
    <datafield tag="035" ind1=" " ind2=" ">
      <subfield code="z">(DE-588a)120606429</subfield>
      <subfield code="9">v:zg</subfield>
    </datafield>
    <datafield tag="040" ind1=" " ind2=" ">
      <subfield code="a">DE-101</subfield>
      <subfield code="c">DE-101</subfield>
      <subfield code="9">r:DE-101</subfield>
      <subfield code="b">ger</subfield>
      <subfield code="d">1210</subfield>
    </datafield>
    <datafield tag="042" ind1=" " ind2=" ">
      <subfield code="a">gnd1</subfield>
    </datafield>
    <datafield tag="043" ind1=" " ind2=" ">
      <subfield code="c">XA-DE</subfield>
      <subfield code="c">XA-SE</subfield>
    </datafield>
    <datafield tag="075" ind1=" " ind2=" ">
      <subfield code="b">p</subfield>
      <subfield code="2">gndgen</subfield>
    </datafield>
    <datafield tag="075" ind1=" " ind2=" ">
      <subfield code="b">piz</subfield>
      <subfield code="2">gndspec</subfield>
    </datafield>
    <datafield tag="079" ind1=" " ind2=" ">
      <subfield code="a">g</subfield>
      <subfield code="q">a</subfield>
      <subfield code="q">f</subfield>
      <subfield code="q">h</subfield>
    </datafield>
    <datafield tag="100" ind1="1" ind2=" ">
      <subfield code="a">Nettelbladt, Christian &#152;von&#156;</subfield>
      <subfield code="d">1696-1775</subfield>
    </datafield>
    <datafield tag="400" ind1="1" ind2=" ">
      <subfield code="a">Nettelbladt, C. &#152;von&#156;</subfield>
      <subfield code="d">1696-1775</subfield>
    </datafield>
    <datafield tag="400" ind1="1" ind2=" ">
      <subfield code="a">Nettelbladt, Christianus</subfield>
      <subfield code="d">1696-1775</subfield>
    </datafield>
    <datafield tag="400" ind1="1" ind2=" ">
      <subfield code="a">Nettelblatt, Christian</subfield>
      <subfield code="d">1696-1775</subfield>
    </datafield>
    <datafield tag="400" ind1="1" ind2=" ">
      <subfield code="a">Nettelblatt, Christian &#152;von&#156;</subfield>
      <subfield code="d">1696-1775</subfield>
      <subfield code="9">v:ADB</subfield>
    </datafield>
    <datafield tag="400" ind1="0" ind2=" ">
      <subfield code="a">B. C. H. N. S.</subfield>
      <subfield code="d">1696-1775</subfield>
    </datafield>
    <datafield tag="400" ind1="1" ind2=" ">
      <subfield code="a">Nettelbla, Christian</subfield>
      <subfield code="d">1696-1775</subfield>
    </datafield>
    <datafield tag="400" ind1="1" ind2=" ">
      <subfield code="a">Nettelbla, Christian &#152;von&#156;</subfield>
      <subfield code="d">1696-1775</subfield>
      <subfield code="9">v:NUC pre 56</subfield>
    </datafield>
    <datafield tag="400" ind1="1" ind2=" ">
      <subfield code="a">Nettelbladt, Christian</subfield>
      <subfield code="d">1696-1775</subfield>
    </datafield>
    <datafield tag="400" ind1="1" ind2=" ">
      <subfield code="a">Nettelbladt, Christianus &#152;a&#156;</subfield>
      <subfield code="d">1696-1775</subfield>
    </datafield>
    <datafield tag="400" ind1="1" ind2=" ">
      <subfield code="a">Nettelblatt, Christianus &#152;a&#156;</subfield>
      <subfield code="d">1696-1775</subfield>
    </datafield>
    <datafield tag="400" ind1="1" ind2=" ">
      <subfield code="a">Nettelblatt, Christian &#152;af&#156;</subfield>
      <subfield code="d">1696-1775</subfield>
    </datafield>
    <datafield tag="400" ind1="1" ind2=" ">
      <subfield code="a">Nettelbladt, Christian &#152;de&#156;</subfield>
      <subfield code="d">1696-1775</subfield>
    </datafield>
    <datafield tag="400" ind1="0" ind2=" ">
      <subfield code="a">C. v. N.</subfield>
      <subfield code="d">1696-1775</subfield>
    </datafield>
    <datafield tag="400" ind1="1" ind2=" ">
      <subfield code="a">N., C. &#152;v.&#156;</subfield>
      <subfield code="d">1696-1775</subfield>
    </datafield>
    <datafield tag="500" ind1="1" ind2=" ">
      <subfield code="0">(DE-101)107912074</subfield>
      <subfield code="0">(DE-588)107912074</subfield>
      <subfield code="0">https://d-nb.info/gnd/107912074</subfield>
      <subfield code="a">Nettelbladt, Karl Friedrich Wilhelm &#152;von&#156;</subfield>
      <subfield code="d">1747-1818</subfield>
      <subfield code="4">bezf</subfield>
      <subfield code="4">https://d-nb.info/standards/elementset/gnd#familialRelationship</subfield>
      <subfield code="w">r</subfield>
      <subfield code="i">Beziehung familiaer</subfield>
      <subfield code="e">Beziehung familiaer</subfield>
      <subfield code="9">v:Sohn</subfield>
    </datafield>
    <datafield tag="510" ind1="2" ind2=" ">
      <subfield code="0">(DE-101)1143162595</subfield>
      <subfield code="0">(DE-588)1143162595</subfield>
      <subfield code="0">https://d-nb.info/gnd/1143162595</subfield>
      <subfield code="a">Academia Gryphiswaldensis</subfield>
      <subfield code="4">affi</subfield>
      <subfield code="4">https://d-nb.info/standards/elementset/gnd#affiliation</subfield>
      <subfield code="w">r</subfield>
      <subfield code="i">Affiliation</subfield>
      <subfield code="e">Affiliation</subfield>
    </datafield>
    <datafield tag="510" ind1="2" ind2=" ">
      <subfield code="0">(DE-101)004073576</subfield>
      <subfield code="0">(DE-588)1013441-4</subfield>
      <subfield code="0">https://d-nb.info/gnd/1013441-4</subfield>
      <subfield code="a">Kungliga Vetenskaps-Societeten</subfield>
      <subfield code="g">Uppsala</subfield>
      <subfield code="4">affi</subfield>
      <subfield code="4">https://d-nb.info/standards/elementset/gnd#affiliation</subfield>
      <subfield code="w">r</subfield>
      <subfield code="i">Affiliation</subfield>
      <subfield code="e">Affiliation</subfield>
    </datafield>
    <datafield tag="548" ind1=" " ind2=" ">
      <subfield code="a">1696-1775</subfield>
      <subfield code="4">datl</subfield>
      <subfield code="4">https://d-nb.info/standards/elementset/gnd#dateOfBirthAndDeath</subfield>
      <subfield code="w">r</subfield>
      <subfield code="i">Lebensdaten</subfield>
    </datafield>
    <datafield tag="550" ind1=" " ind2=" ">
      <subfield code="0">(DE-101)040183335</subfield>
      <subfield code="0">(DE-588)4018333-6</subfield>
      <subfield code="0">https://d-nb.info/gnd/4018333-6</subfield>
      <subfield code="a">Freiherr</subfield>
      <subfield code="4">adel</subfield>
      <subfield code="4">https://d-nb.info/standards/elementset/gnd#titleOfNobility</subfield>
      <subfield code="w">r</subfield>
      <subfield code="i">Adelstitel</subfield>
    </datafield>
    <datafield tag="550" ind1=" " ind2=" ">
      <subfield code="0">(DE-101)040290506</subfield>
      <subfield code="0">(DE-588)4029050-5</subfield>
      <subfield code="0">https://d-nb.info/gnd/4029050-5</subfield>
      <subfield code="a">Jurist</subfield>
      <subfield code="4">berc</subfield>
      <subfield code="4">https://d-nb.info/standards/elementset/gnd#professionOrOccupation</subfield>
      <subfield code="w">r</subfield>
      <subfield code="i">Charakteristischer Beruf</subfield>
    </datafield>
    <datafield tag="550" ind1=" " ind2=" ">
      <subfield code="0">(DE-101)040252434</subfield>
      <subfield code="0">(DE-588)4025243-7</subfield>
      <subfield code="0">https://d-nb.info/gnd/4025243-7</subfield>
      <subfield code="a">Hochschullehrer</subfield>
      <subfield code="4">beru</subfield>
      <subfield code="4">https://d-nb.info/standards/elementset/gnd#professionOrOccupation</subfield>
      <subfield code="w">r</subfield>
      <subfield code="i">Beruf</subfield>
    </datafield>
    <datafield tag="550" ind1=" " ind2=" ">
      <subfield code="a">Prof.</subfield>
      <subfield code="4">akad</subfield>
      <subfield code="4">https://d-nb.info/standards/elementset/gnd#academicDegree</subfield>
      <subfield code="w">r</subfield>
      <subfield code="i">Akademischer Grad</subfield>
    </datafield>
    <datafield tag="551" ind1=" " ind2=" ">
      <subfield code="0">(DE-101)040576485</subfield>
      <subfield code="0">(DE-588)4057648-6</subfield>
      <subfield code="0">https://d-nb.info/gnd/4057648-6</subfield>
      <subfield code="a">Stockholm</subfield>
      <subfield code="4">ortg</subfield>
      <subfield code="4">https://d-nb.info/standards/elementset/gnd#placeOfBirth</subfield>
      <subfield code="w">r</subfield>
      <subfield code="i">Geburtsort</subfield>
    </datafield>
    <datafield tag="551" ind1=" " ind2=" ">
      <subfield code="0">(DE-101)040786595</subfield>
      <subfield code="0">(DE-588)4078659-6</subfield>
      <subfield code="0">https://d-nb.info/gnd/4078659-6</subfield>
      <subfield code="a">Uppsala</subfield>
      <subfield code="4">ortw</subfield>
      <subfield code="4">https://d-nb.info/standards/elementset/gnd#placeOfActivity</subfield>
      <subfield code="w">r</subfield>
      <subfield code="i">Wirkungsort</subfield>
    </datafield>
    <datafield tag="551" ind1=" " ind2=" ">
      <subfield code="0">(DE-101)040219658</subfield>
      <subfield code="0">(DE-588)4021965-3</subfield>
      <subfield code="0">https://d-nb.info/gnd/4021965-3</subfield>
      <subfield code="a">Greifswald</subfield>
      <subfield code="4">ortw</subfield>
      <subfield code="4">https://d-nb.info/standards/elementset/gnd#placeOfActivity</subfield>
      <subfield code="w">r</subfield>
      <subfield code="i">Wirkungsort</subfield>
    </datafield>
    <datafield tag="551" ind1=" " ind2=" ">
      <subfield code="0">(DE-101)040658783</subfield>
      <subfield code="0">(DE-588)4065878-8</subfield>
      <subfield code="0">https://d-nb.info/gnd/4065878-8</subfield>
      <subfield code="a">Wetzlar</subfield>
      <subfield code="4">ortw</subfield>
      <subfield code="4">https://d-nb.info/standards/elementset/gnd#placeOfActivity</subfield>
      <subfield code="w">r</subfield>
      <subfield code="i">Wirkungsort</subfield>
    </datafield>
    <datafield tag="551" ind1=" " ind2=" ">
      <subfield code="0">(DE-101)04050610X</subfield>
      <subfield code="0">(DE-588)4050610-1</subfield>
      <subfield code="0">https://d-nb.info/gnd/4050610-1</subfield>
      <subfield code="a">Rostock</subfield>
      <subfield code="4">ortw</subfield>
      <subfield code="4">https://d-nb.info/standards/elementset/gnd#placeOfActivity</subfield>
      <subfield code="w">r</subfield>
      <subfield code="i">Wirkungsort</subfield>
    </datafield>
    <datafield tag="551" ind1=" " ind2=" ">
      <subfield code="0">(DE-101)04028557X</subfield>
      <subfield code="0">(DE-588)4028557-1</subfield>
      <subfield code="0">https://d-nb.info/gnd/4028557-1</subfield>
      <subfield code="a">Jena</subfield>
      <subfield code="4">ortw</subfield>
      <subfield code="4">https://d-nb.info/standards/elementset/gnd#placeOfActivity</subfield>
      <subfield code="w">r</subfield>
      <subfield code="i">Wirkungsort</subfield>
    </datafield>
    <datafield tag="551" ind1=" " ind2=" ">
      <subfield code="0">(DE-101)040230252</subfield>
      <subfield code="0">(DE-588)4023025-9</subfield>
      <subfield code="0">https://d-nb.info/gnd/4023025-9</subfield>
      <subfield code="a">Halle (Saale)</subfield>
      <subfield code="4">ortw</subfield>
      <subfield code="4">https://d-nb.info/standards/elementset/gnd#placeOfActivity</subfield>
      <subfield code="w">r</subfield>
      <subfield code="i">Wirkungsort</subfield>
    </datafield>
    <datafield tag="551" ind1=" " ind2=" ">
      <subfield code="0">(DE-101)040576485</subfield>
      <subfield code="0">(DE-588)4057648-6</subfield>
      <subfield code="0">https://d-nb.info/gnd/4057648-6</subfield>
      <subfield code="a">Stockholm</subfield>
      <subfield code="4">ortw</subfield>
      <subfield code="4">https://d-nb.info/standards/elementset/gnd#placeOfActivity</subfield>
      <subfield code="w">r</subfield>
      <subfield code="i">Wirkungsort</subfield>
    </datafield>
    <datafield tag="551" ind1=" " ind2=" ">
      <subfield code="0">(DE-101)040658783</subfield>
      <subfield code="0">(DE-588)4065878-8</subfield>
      <subfield code="0">https://d-nb.info/gnd/4065878-8</subfield>
      <subfield code="a">Wetzlar</subfield>
      <subfield code="4">orts</subfield>
      <subfield code="4">https://d-nb.info/standards/elementset/gnd#placeOfDeath</subfield>
      <subfield code="w">r</subfield>
      <subfield code="i">Sterbeort</subfield>
    </datafield>
    <datafield tag="667" ind1=" " ind2=" ">
      <subfield code="a">12</subfield>
    </datafield>
    <datafield tag="667" ind1=" " ind2=" ">
      <subfield code="a">7</subfield>
    </datafield>
    <datafield tag="667" ind1=" " ind2=" ">
      <subfield code="a">188</subfield>
    </datafield>
    <datafield tag="667" ind1=" " ind2=" ">
      <subfield code="a">384</subfield>
    </datafield>
    <datafield tag="670" ind1=" " ind2=" ">
      <subfield code="a">DbA</subfield>
    </datafield>
    <datafield tag="670" ind1=" " ind2=" ">
      <subfield code="a">Provenienzmerkmal</subfield>
      <subfield code="b">Exlibris</subfield>
      <subfield code="u">http://diglib.hab.de?grafik=exlib-berlepsch-18-1-00386</subfield>
    </datafield>
    <datafield tag="670" ind1=" " ind2=" ">
      <subfield code="a">Provenienzmerkmal</subfield>
      <subfield code="b">Exlibris</subfield>
      <subfield code="u">http://diglib.hab.de?grafik=exlib-berlepsch-18-1-00385</subfield>
    </datafield>
    <datafield tag="670" ind1=" " ind2=" ">
      <subfield code="b">Wikipedia</subfield>
      <subfield code="u">https://de.wikipedia.org/wiki/Christian_Nettelbladt_%28der_%C3%84ltere%29</subfield>
    </datafield>
    <datafield tag="672" ind1=" " ind2="0">
      <subfield code="a">Diss. De probationibus</subfield>
      <subfield code="f">1724</subfield>
    </datafield>
    <datafield tag="672" ind1=" " ind2="0">
      <subfield code="a">Nettelbladt, Christian von: Vorläufige Nachricht von einigen Klöstern der H. Schwedisch*</subfield>
      <subfield code="f">1764</subfield>
    </datafield>
    <datafield tag="672" ind1=" " ind2="0">
      <subfield code="a">Nettelbladt, Christian von: Vorläufige, kurzgefaßte Nachricht von einigen Klöstern der *</subfield>
      <subfield code="f">1764</subfield>
    </datafield>
    <datafield tag="672" ind1=" " ind2="0">
      <subfield code="a">Nettelbladt, Christian von: Iteratum ad eruditor alloquium de thesauro rerum Sueo Gothi*. - s.a.</subfield>
    </datafield>
    <datafield tag="672" ind1=" " ind2="0">
      <subfield code="a">Nettelbladt, Christian von: Disputatio iuris publici qua formulam regiminis Sueciae de *</subfield>
      <subfield code="f">1729</subfield>
    </datafield>
    <datafield tag="672" ind1=" " ind2="0">
      <subfield code="a">Nettelbladt, Christian von: Memoria virorum in Suecia eruditissimorum rediviva</subfield>
      <subfield code="f">1731</subfield>
    </datafield>
    <datafield tag="672" ind1=" " ind2="0">
      <subfield code="a">Greinir or theim Gaumlu Saugum, Langum og Ithrotter. - 1763 - 1765</subfield>
    </datafield>
    <datafield tag="672" ind1=" " ind2="0">
      <subfield code="a">Anecdota Curlandiae praecipue territorii et episcopatus Pittensis</subfield>
      <subfield code="f">1736</subfield>
    </datafield>
    <datafield tag="672" ind1=" " ind2="0">
      <subfield code="a">Fasciculus rerum Curlandicarum primus</subfield>
      <subfield code="f">1729</subfield>
    </datafield>
    <datafield tag="672" ind1=" " ind2="0">
      <subfield code="a">Selecta iuris suecici praecipue processualia</subfield>
      <subfield code="f">1736</subfield>
    </datafield>
    <datafield tag="672" ind1=" " ind2="0">
      <subfield code="a">Themis Romano-suecica</subfield>
      <subfield code="f">1729</subfield>
    </datafield>
    <datafield tag="672" ind1=" " ind2="0">
      <subfield code="a">Theses de variis mortuos sepeliendi modis apud Sviones et urnis sepulcralibus in Pomerian*. - s.a.</subfield>
    </datafield>
    <datafield tag="672" ind1=" " ind2="0">
      <subfield code="a">Nettelbladt, C. von: Conspectus scriptorum rerum Svio-Gothicarum, quotquot hactenus de *</subfield>
      <subfield code="f">1756</subfield>
    </datafield>
    <datafield tag="672" ind1=" " ind2="0">
      <subfield code="a">Auch Antwort auf die Frage: ob des Herrn Johann Erichsons ... Bibliotheca ruinea für vollständig und zureichend zu halten sey?</subfield>
      <subfield code="f">1766</subfield>
    </datafield>
    <datafield tag="675" ind1=" " ind2=" ">
      <subfield code="a">Prioritätenliste außer ADB, DbA</subfield>
    </datafield>
    <datafield tag="678" ind1=" " ind2=" ">
      <subfield code="b">Einer der bedeutendsten Greifswalder Rechtswissenschaftler des 18. Jahrhunderts. Zugleich einer der ersten und wichtigsten Vertreter einer aktiven schwedischen Kulturpolitik in Pommern. Bis 1714 an der deutschen Schule in Stockholm. Danach Studium der Theologie an der Universität Uppsala. Kurz darauf Wechsel an die Universität Rostock und Beginn des Jurastudiums. Dann Studium in Jena und Halle. 1724 Ernennung zum ordentlichen Professor der Rechte in Greifswald. Vor seinem Amtsantritt Promotion an der Universität Groningen. Seit 1729 Mitglied der Königlichen Gesellschaft der Wissenschaften in Uppsala. 1734 Beisitzer des Greifswalder Konsistoriums und Professor Primarius der Juristischen Fakultät. 1736 Ernennung zum Direktor des Konsistoriums. 1743 Assessor am Reichskammergericht in Wetzlar. Am 22. Januar 1746 Verleihung des Adelsprädikats „von Nettelbla“ und Erhebung in den Reichsadelsstand. Am 4. Mai 1762 wurde Nettelbladt in die Matrikel der Reichsfreiherren aufgenommen. Am 22. April 1774 wurde er wegen Korruption von der Reichskammergerichtsvisitation entlassen.</subfield>
    </datafield>
    <datafield tag="678" ind1=" " ind2=" ">
      <subfield code="b">Freiherr von Nettelbladt verwandte zwei verschiedene Exlibris: Bis 1762 bestand das Exlibris aus dem bürgerlichen Wappen mit der Umschrift  "ex Musaeo Christiani de Nettelbla Holmia Sveci". Mit der Erhebung in den Freiherrenstand wurde das Exlibris abgeändert in das freiherrliche Wappen mit der Umschrift "ex Bibliotheca S.R.I. Banderes: &amp; Liber Baron: De Nettelbla Holmia Sueci".</subfield>
    </datafield>
    <datafield tag="913" ind1=" " ind2=" ">
      <subfield code="S">pnd</subfield>
      <subfield code="i">a</subfield>
      <subfield code="a">Nettelbladt, Christian /von</subfield>
      <subfield code="0">(DE-588a)120606429</subfield>
    </datafield>
  </record>
